@misc{wiki:kurtosis,
   author = {Wikipedia},
   title = {{Kurtosis --- Wikipedia{,} The Free Encyclopedia}},
   year = {2016},
   url = {https://en.wikipedia.org/w/index.php?title=Kurtosis&oldid=747942450},
   note = {Online; accessed 5-November-2016}
}

@misc{slides:data-analysis,
    author = {Lo Cigno, Renato},
    title = {{Measured Data Analysis}},
    year = 2016,
    howpublished = https://disi.unitn.it/locigno/teaching-duties/spe/05_Measure-Analysis.pdf
}
